<record><leader>00000cas a22000007a 4500</leader><controlfield tag="001">12765091</controlfield><controlfield tag="008">851106d19141919wiuwr ne      0    0eng d</controlfield><datafield ind1=" " ind2=" " tag="010"><subfield code="a">sn 85041418 </subfield></datafield><datafield ind1=" " ind2=" " tag="040"><subfield code="a">NPV</subfield><subfield code="b">eng</subfield><subfield code="c">NPV</subfield><subfield code="d">OCLCQ</subfield></datafield><datafield ind1="0" ind2=" " tag="041"><subfield code="a">eng</subfield><subfield code="a">ger</subfield></datafield><datafield ind1=" " ind2=" " tag="042"><subfield code="a">msc</subfield></datafield><datafield ind1="0" ind2=" " tag="130"><subfield code="a">Dorchester herald (Dorchester, Wis.)</subfield></datafield><datafield ind1="1" ind2="4" tag="245"><subfield code="a">The Dorchester herald.</subfield></datafield><datafield ind1=" " ind2=" " tag="260"><subfield code="a">Dorchester, Wis. :</subfield><subfield code="b">B.F. Mannes,</subfield><subfield code="c">1914-1919.</subfield></datafield><datafield ind1=" " ind2=" " tag="300"><subfield code="a">volumes</subfield></datafield><datafield ind1=" " ind2=" " tag="310"><subfield code="a">Weekly</subfield></datafield><datafield ind1=" " ind2=" " tag="336"><subfield code="a">text</subfield><subfield code="b">txt</subfield><subfield code="2">rdacontent</subfield></datafield><datafield ind1=" " ind2=" " tag="337"><subfield code="a">unmediated</subfield><subfield code="b">n</subfield><subfield code="2">rdamedia</subfield></datafield><datafield ind1=" " ind2=" " tag="338"><subfield code="a">volume</subfield><subfield code="b">nc</subfield><subfield code="2">rdacarrier</subfield></datafield><datafield ind1="0" ind2=" " tag="362"><subfield code="a">Vol. 1, no. 1 (Jan. 2, 1914)-v. 16, no. 24 (June 6, 1919).</subfield></datafield><datafield ind1=" " ind2=" " tag="500"><subfield code="a">Publisher varies.</subfield></datafield><datafield ind1=" " ind2=" " tag="546"><subfield code="a">Some columns in German.</subfield></datafield><datafield ind1=" " ind2=" " tag="752"><subfield code="a">United States</subfield><subfield code="b">Wisconsin</subfield><subfield code="c">Clark</subfield><subfield code="d">Dorchester.</subfield></datafield><datafield ind1="0" ind2="0" tag="780"><subfield code="t">Clark County herald</subfield><subfield code="w">(DLC)sn 85041417</subfield></datafield></record>